@misc{graph,
  author = "Hồ Quốc Đăng Hưng",
  title = "Graph Theory (PiMA lecture)",
  month = "August",
  year = "2016"
}